<?xml version="1.0" encoding="UTF-8"?><collection xmlns="http://www.loc.gov/MARC21/slim"><record><leader>00392nam--2200133-i-4500</leader><controlfield tag="001">000039823</controlfield><controlfield tag="002">20161230</controlfield><controlfield tag="005">20161230201042</controlfield><controlfield tag="008">060222s1000------------r-----000-0-eng-d</controlfield><datafield ind1=" " ind2=" " tag="080"><subfield code="a">681.787:531.715(043)</subfield></datafield><datafield ind1=" " ind2=" " tag="100"><subfield code="a">Rougie, Bernard</subfield></datafield><datafield ind1=" " ind2=" " tag="245"><subfield code="a">Methodes automatiques et resultats de comparaisons interferetielles de longueurs d`ondes. these</subfield></datafield><datafield ind1=" " ind2=" " tag="260"><subfield code="a">Paris, Univ., 1979, 97p</subfield></datafield><datafield ind1=" " ind2=" " tag="852"><subfield code="a">48433</subfield></datafield></record></collection>